% check BIBLATEX documentation package for more info

@book{kalyanasundaram2010dye,
  title={Dye-sensitized solar cells},
  author={Kalyanasundaram, Kuppuswamy},
  year={2010},
  publisher={EPFL press}
}

@article{gratzel2004conversion,
  title={Conversion of sunlight to electric power by nanocrystalline dye-sensitized solar cells},
  author={Gr{\"a}tzel, Michael},
  journal={Journal of Photochemistry and Photobiology A: Chemistry},
  volume={164},
  number={1},
  pages={3--14},
  year={2004},
  publisher={Elsevier}
}

@article{toivola2010dye,
  title={Dye-sensitized solar cells on alternative substrates},
  author={Toivola, Minna and others},
  year={2010},
  publisher={Aalto-yliopiston teknillinen korkeakoulu}
}

@article{enrique2010reliable,
  title={A reliable, fast and low cost maximum power point tracker for photovoltaic applications},
  author={Enrique, JM and And{\'u}jar, JM and Boh{\'o}rquez, MA},
  journal={Solar Energy},
  volume={84},
  number={1},
  pages={79--89},
  year={2010},
  publisher={Elsevier}
}

@inproceedings{ngan2011study,
  title={A study of maximum power point tracking algorithms for stand-alone photovoltaic systems},
  author={Ngan, Mei Shan and Tan, Chee Wei},
  booktitle={Applied Power Electronics Colloquium (IAPEC), 2011 IEEE},
  pages={22--27},
  year={2011},
  organization={IEEE}
}

@phdthesis{wenger2010strategies,
  title={Strategies to optimizing dye-sensitized solar cells: organic sensitizers, tandem device structures, and numerical device modeling},
  author={Wenger, Sophie},
  year={2010},
  school={{\'E}COLE POLYTECHNIQUE F{\'E}D{\'E}RALE DE LAUSANNE}
}

@misc{nrel_Research_Cell,
  title={National Center for Photovoltaics, Research Cell Efficiency Records },
  author={NREL},
 date = {23-09-2014}
 url = {http://www.nrel.gov/ncpv/images/efficiency_chart.jpg}
}

@misc{gcell_DSSC_cycle,
  title={How does DSSC work },
  author={GCEL},
 date = {03-10-2014}
 url = {http://gcell.com/wp-content/uploads/DSSC_cycle.jpg}
}

@inproceedings{ngan2011study,
  title={A study of maximum power point tracking algorithms for stand-alone photovoltaic systems},
  author={Ngan, Mei Shan and Tan, Chee Wei},
  booktitle={Applied Power Electronics Colloquium (IAPEC), 2011 IEEE},
  pages={22--27},
  year={2011},
  organization={IEEE}
}

@article{eltawil2013mppt,
  title={MPPT techniques for photovoltaic applications},
  author={Eltawil, Mohamed A and Zhao, Zhengming},
  journal={Renewable and Sustainable Energy Reviews},
  volume={25},
  pages={793--813},
  year={2013},
  publisher={Elsevier}
}

@article{esram2007comparison,
  title={Comparison of photovoltaic array maximum power point tracking techniques},
  author={Esram, Trishan and Chapman, Patrick L},
  journal={IEEE TRANSACTIONS ON ENERGY CONVERSION EC},
  volume={22},
  number={2},
  pages={439},
  year={2007},
  publisher={IEEE INSTITUTE OF ELECTRICAL AND ELECTRONICS}
}


@article{reza2013classification,
  title={Classification and comparison of maximum power point tracking techniques for photovoltaic system: A review},
  author={Reza Reisi, Ali and Hassan Moradi, Mohammad and Jamasb, Shahriar},
  journal={Renewable and Sustainable Energy Reviews},
  volume={19},
  pages={433--443},
  year={2013},
  publisher={Elsevier}
}

@article{faranda2008energy,
  title={Energy comparison of MPPT techniques for PV Systems},
  author={Faranda, Roberto and Leva, Sonia},
  journal={WSEAS transactions on power systems},
  volume={3},
  number={6},
  pages={446--455},
  year={2008}
}

@article{houssamo2013experimental,
  title={Experimental analysis of impact of MPPT methods on energy efficiency for photovoltaic power systems},
  author={Houssamo, Issam and Locment, Fabrice and Sechilariu, Manuela},
  journal={International Journal of Electrical Power \& Energy Systems},
  volume={46},
  pages={98--107},
  year={2013},
  publisher={Elsevier}
}

@article{jain2004new,
  title={A new algorithm for rapid tracking of approximate maximum power point in photovoltaic systems},
  author={Jain, Sachin and Agarwal, Vivek},
  journal={Power Electronics Letters, IEEE},
  volume={2},
  number={1},
  pages={16--19},
  year={2004},
  publisher={IEEE}
}

@article{liu2011fast,
  title={A fast and low cost analog maximum power point tracking method for low power photovoltaic systems},
  author={Liu, Yi-Hua and Huang, Jia-Wei},
  journal={Solar Energy},
  volume={85},
  number={11},
  pages={2771--2780},
  year={2011},
  publisher={Elsevier}
}

@article{dondi2008modeling,
  title={Modeling and optimization of a solar energy harvester system for self-powered wireless sensor networks},
  author={Dondi, Denis and Bertacchini, Alessandro and Brunelli, Davide and Larcher, Luca and Benini, Luca},
  journal={Industrial Electronics, IEEE Transactions on},
  volume={55},
  number={7},
  pages={2759--2766},
  year={2008},
  publisher={IEEE}
}

@article{chu2009robust,
  title={Robust maximum power point tracking method for photovoltaic cells: A sliding mode control approach},
  author={Chu, Chen-Chi and Chen, Chieh-Li},
  journal={Solar Energy},
  volume={83},
  number={8},
  pages={1370--1378},
  year={2009},
  publisher={Elsevier}
}

@inproceedings{urayai2011single,
  title={Single sensor boost converter-based maximum power point tracking algorithms},
  author={Urayai, Caston and Amaratunga, G},
  booktitle={Applied Power Electronics Conference and Exposition (APEC), 2011 Twenty-Sixth Annual IEEE},
  pages={1238--1243},
  year={2011},
  organization={IEEE}
}

@unpublished{lenarreg2006,
author = {author},
title = {Chapter 1 : Linear Regression With One Predictor Variable},
 date = {24-10-2006}
OPTsubtitle = {Psychology 790},
url = {http://jonathantemplin.com/files/glm1/psyc790f06_lecture13.pdf},
urldate = {02-10-2014},
}

@inproceedings{clark2006power,
  title={Power system challenges for small satellite missions},
  author={Clark, C and Lopez, A},
  booktitle={Proceedings of the 2006 Small Satellites, Systems and Services Symposium, D. Danesy, Ed. The Netherlands: ESA},
  year={2006}
}

@article{seiler1989numerical,
  title={Numerical recipes in C: the art of scientific computing},
  author={Seiler, Mary C and Seiler, Fritz A},
  journal={Risk Analysis},
  chapter={Golden Section Search in One dimention}
  volume={9},
  number={3},
  pages={492--495},
  year={1989},
  publisher={Wiley Online Library}
  url ={http://apps.nrbook.com/empanel/index.html#pg=492}
  urldate = {02-10-2014},
}

@article{vignati2012solutions,
  title={Solutions for Indoor Light Energy Harvesting},
  author={Vignati, Stefano},
  year={2012}
  school={KTH-Royal Institute of Technology}
}

@article{yong2008modeling,
  title={Modeling and simulation for dye-sensitized solar cells},
  author={Yong, Virginia and Ho, Seng-Tiong and Chang, Robert PH},
  journal={Applied Physics Letters},
  volume={92},
  number={14},
  pages={143506--143506},
  year={2008},
  publisher={AIP}
}